% !TEX root = ethver.tex

@inproceedings{delmolino,
 author = {Delmolino, K. and Arnett, M. and Kosba, A. and Miller, A. and Shi E.},
 title = {Step by Step Towards Creating a Safe Smart Contract: Lessons and Insights from a Cryptocurrency Lab}, 
 booktitle = {Clark J., Meiklejohn S., Ryan P., Wallach D., Brenner M., Rohloff K. (eds) Financial Cryptography and Data Security},
 year = {2016},
 publisher = {Springer},
 address = {Berlin, Heidelberg},
 series = {Lecture Notes in Computer Science},
 volume = {9604}
}